<?xml version="1.0" encoding="UTF-8"?><collection><record><leader>05653ntm a2200637 a 4500</leader><controlfield tag="001">006822675</controlfield><controlfield tag="003">MiAaHDL</controlfield><controlfield tag="005">20190719000000.0</controlfield><controlfield tag="006">m        d        </controlfield><controlfield tag="007">cr bn ---auaua</controlfield><controlfield tag="008">090624q16uu17uuxx            00| ||ota d</controlfield><datafield tag="035" ind1=" " ind2=" "><subfield code="a">(MiU)006822675</subfield></datafield><datafield tag="035" ind1=" " ind2=" "><subfield code="a">sdr-miu006822675</subfield></datafield><datafield tag="040" ind1=" " ind2=" "><subfield code="a">MiU</subfield><subfield code="c">MiU</subfield><subfield code="e">amremm</subfield></datafield><datafield tag="041" ind1="0" ind2=" "><subfield code="a">ota</subfield></datafield><datafield tag="043" ind1=" " ind2=" "><subfield code="a">n-us-mi</subfield></datafield><datafield tag="100" ind1="0" ind2=" "><subfield code="6">880-01</subfield><subfield code="a">Yahyâ Bey,</subfield><subfield code="d">-1582.</subfield></datafield><datafield tag="240" ind1="1" ind2="0"><subfield code="6">880-02</subfield><subfield code="a">Şah u geda</subfield></datafield><datafield tag="245" ind1="1" ind2="0"><subfield code="6">880-03</subfield><subfield code="a">Kitab-i Şah u geda,</subfield><subfield code="f">[17th or 18th century?].</subfield></datafield><datafield tag="246" ind1="3" ind2=" "><subfield code="i">Title from opening matter (p.5, p.33, etc.):</subfield><subfield code="a">شاه وكدا</subfield></datafield><datafield tag="260" ind1=" " ind2=" "><subfield code="c">[16-- or 17--?].</subfield></datafield><datafield tag="300" ind1=" " ind2=" "><subfield code="a">81 leaves :</subfield><subfield code="b">paper ;</subfield><subfield code="c">160 x 100 (110 x 60) mm.</subfield></datafield><datafield tag="500" ind1=" " ind2=" "><subfield code="a">Shelfmark: Ann Arbor, University of Michigan, Special Collections Library, Isl. Ms. 413</subfield></datafield><datafield tag="500" ind1=" " ind2=" "><subfield code="a">Origin: Lacks dated colophon ; paper, hand, decoration, etc. would suggest 17th or 18th century.</subfield></datafield><datafield tag="500" ind1=" " ind2=" "><subfield code="a">Former shelfmark: "124 T. De M. [i.e. Tammaro De Marinis]" inscribed in pencil on verso of front flyleaf and recto of back flyleaf ; "263" inscribed in pencil on 'title page' (p.1) ; "٢٩١" on label affixed to lower cover.</subfield></datafield><datafield tag="500" ind1=" " ind2=" "><subfield code="a">Binding: Pasteboards faced in dark brown leather with brown leather over board edges and spine (likely repair) ; Type III binding (without flap), likely two-piece binding (seam of overlapping flanges visible at spine) ; pastedowns and flyleaves in dark red-violet surface-dyed wove paper ; upper and lower covers carry blind-stamped lozenge-shaped central ornament (filled with symmetrical vegetal composition, similar to Déroche class. NSd 5) with tooled and gold-painted accents and rule-border ; sewn in red-violet thread, two stations ; worked chevron endbands in yellow and red-violet, good condition ; overall in fair condition with minor abrasion, lifting and losses of leather, significant negative draw in upper cover, etc. ; ill-fitting text block.</subfield></datafield><datafield tag="500" ind1=" " ind2=" "><subfield code="a">Support: non-European (likely Persian) laid paper with 8 laid lines per cm. (vertical, quite indistinct) and no chain lines visible, cloudy formation, inclusions visible, thin and transluscent though sturdy, light burnished, beige in color ; some breakthrough at frames ; added leaves in European paper (trace of raisin watermark, see p.154, 156, etc.).</subfield></datafield><datafield tag="500" ind1=" " ind2=" "><subfield code="a">Decoration: Illuminated headpiece (ʻunwān / sarlawḥ) appears at opening on p.2, consisting of rectangular piece surmounted by semi-circular piece or dome with crudely drawn floral vegetal motifs in shades of pink, blue, red, white on a gold ground, surmounted by crude vertical stalks (tīgh) in red and blue ; written area of incipit and facing page surrounded by gold frame defined by black fillets (also defines divisions within) with outermost red and blue rules, elsewhere only gold frame appears ; section headings rubricated ; several somewhat crude illustrations appear toward the end of the text (see pp.50, 54, 55, 81, 83, 88, 96, 115, 122), all half or not quite full-page miniatures.</subfield></datafield><datafield tag="500" ind1=" " ind2=" "><subfield code="a">Script: Naskh ; clear, well-formed Turkish hand in a medium line ; partially but irregularly seriffed with occasional head-serifs on free-standing alif, lām, etc., effect of tilt to the left, closed and open counters, curvilinear descenders, pointing in conjoined dots or strokes, occasionally vocalized.</subfield></datafield><datafield tag="500" ind1=" " ind2=" "><subfield code="a">Layout: Written mainly in 15 lines per page with written area divided to two columns ; final poem in 17 lines per page ; frame-ruled.</subfield></datafield><datafield tag="500" ind1=" " ind2=" "><subfield code="a">Collation: i, I (2), IV (10), 2 V(30), IV+1 (39), V (49), 3 IV(73), IV-6+6 (81), i ; mainly quaternions and quinions ; several blank leaves at opening and close of codex ; catchwords present ; pagination in pencil, Western numerals, supplied during digitization.</subfield></datafield><datafield tag="500" ind1=" " ind2=" "><subfield code="a">Explicit: "عين عفوكله اول بزه ناظر سوزمز بودر اول وآخر تمت الكتاب بعون الله الملك الوهاب تم تم تم"</subfield></datafield><datafield tag="500" ind1=" " ind2=" "><subfield code="a">Incipit: "سطر بسم الله اى اولو الالباب اولدى متفاح باب قفل كتاب ..."</subfield></datafield><datafield tag="500" ind1=" " ind2=" "><subfield code="a">Title from rubricated heading in opening matter on p.30.</subfield></datafield><datafield tag="500" ind1=" " ind2=" "><subfield code="a">Ms. codex.</subfield></datafield><datafield tag="505" ind1="0" ind2=" "><subfield code="a">2. p.140-p.146 : Bahr-i tavil.</subfield></datafield><datafield tag="505" ind1="0" ind2=" "><subfield code="a">1. p.2-p.139 : Kitab-i Şah u geda / Yahyâ Bey.</subfield></datafield><datafield tag="510" ind1="4" ind2=" "><subfield code="a">Ḥājjī Khalīfah,</subfield><subfield code="c">v. iii, p.176</subfield></datafield><datafield tag="510" ind1="4" ind2=" "><subfield code="a">Cat. Turk. MSS. Brit. Mus.</subfield><subfield code="c">pp.180-183</subfield></datafield><datafield tag="510" ind1="4" ind2=" "><subfield code="a">Burrill, Kathleen R.F. "Tas̲h̲li̊d̲j̲ali̊ Yaḥyā."</subfield><subfield code="c">vol.X, p.352, col.1</subfield></datafield><datafield tag="520" ind1="8" ind2=" "><subfield code="a">Careful copy of Şah u geda or "The King and the beggar," most popular of the five mesnevis of the Hamse of Dukâginzâde (Dukakinzade) Yahyâ Bey Taşlıcalı (d.1578), an important 16th century Ottoman poet of Albanian origin. Illustrated with nine miniatures. Followed by an additional poem.</subfield></datafield><datafield tag="538" ind1=" " ind2=" "><subfield code="a">Mode of access: Internet.</subfield></datafield><datafield tag="541" ind1=" " ind2=" "><subfield code="c">Purchase ;</subfield><subfield code="a">Acquired by purchase (funds donated by Horace Rackham).</subfield><subfield code="d">1924.</subfield></datafield><datafield tag="546" ind1=" " ind2=" "><subfield code="a">Ottoman Turkish.</subfield></datafield><datafield tag="561" ind1=" " ind2=" "><subfield code="a">Fairly clean copy.</subfield></datafield><datafield tag="650" ind1=" " ind2="0"><subfield code="a">Manuscripts, Turkish</subfield><subfield code="z">Michigan</subfield><subfield code="z">Ann Arbor.</subfield></datafield><datafield tag="650" ind1=" " ind2="0"><subfield code="a">Masnavis, Turkish</subfield><subfield code="v">Early works to 1800.</subfield></datafield><datafield tag="650" ind1=" " ind2="0"><subfield code="a">Turkish poetry</subfield><subfield code="y">16th century.</subfield></datafield><datafield tag="655" ind1=" " ind2="7"><subfield code="a">Headpieces (layout features)</subfield><subfield code="y">18th century.</subfield><subfield code="2">aat</subfield></datafield><datafield tag="700" ind1="0" ind2=" "><subfield code="a">Abdülhamid</subfield><subfield code="b">II,</subfield><subfield code="c">Sultan of the Turks,</subfield><subfield code="d">1842-1918,</subfield><subfield code="e">former owner.</subfield></datafield><datafield tag="740" ind1="0" ind2="2"><subfield code="6">880-05</subfield><subfield code="a">Bahr-i tavil</subfield></datafield><datafield tag="773" ind1="0" ind2=" "><subfield code="a">Abdul Hamid Collection.</subfield></datafield><datafield tag="880" ind1="0" ind2="2"><subfield code="6">740-05/</subfield><subfield code="a">بحر طويل</subfield></datafield><datafield tag="880" ind1="1" ind2="0"><subfield code="6">245-03/</subfield><subfield code="a">كتاب شاه وكدا,</subfield><subfield code="f">[القرن 17 او 18م؟].</subfield></datafield><datafield tag="880" ind1="1" ind2="0"><subfield code="6">240-02/</subfield><subfield code="a">شاه وگدا</subfield></datafield><datafield tag="880" ind1="0" ind2=" "><subfield code="6">100-01/</subfield><subfield code="a">يحيى بيك.</subfield></datafield><datafield tag="CID" ind1=" " ind2=" "><subfield code="a">006822675</subfield></datafield><datafield tag="DAT" ind1="0" ind2=" "><subfield code="a">20190719102640.0</subfield><subfield code="b">20190719000000.0</subfield></datafield><datafield tag="DAT" ind1="1" ind2=" "><subfield code="a">20190719090653.0</subfield><subfield code="b">2019-07-19T16:12:07Z</subfield></datafield><datafield tag="DAT" ind1="2" ind2=" "><subfield code="a">2015-10-02T18:00:03Z</subfield></datafield><datafield tag="CAT" ind1=" " ind2=" "><subfield code="a">SDR-MIU</subfield><subfield code="d">EX LIBRIS - ALEPH</subfield><subfield code="l">prepare.pl-004-008</subfield></datafield><datafield tag="FMT" ind1=" " ind2=" "><subfield code="a">BK</subfield></datafield><datafield tag="HOL" ind1=" " ind2=" "><subfield code="0">sdr-miu006822675</subfield><subfield code="a">MiU</subfield><subfield code="b">SDR</subfield><subfield code="c">MIU</subfield><subfield code="p">mdp.39015079130806</subfield><subfield code="s">MIU</subfield><subfield code="1">006822675</subfield></datafield><datafield tag="974" ind1=" " ind2=" "><subfield code="b">MIU</subfield><subfield code="c">MIU</subfield><subfield code="d">20190719</subfield><subfield code="s">lit-dlps-dc</subfield><subfield code="u">mdp.39015079130806</subfield><subfield code="y">1799</subfield><subfield code="r">pd</subfield><subfield code="q">bib</subfield><subfield code="t">non-US bib date2 &lt; 1879</subfield></datafield></record></collection>